@inproceedings{hunt2005broad,
  title={Broad New OS Research: Challenges and Opportunities.},
  author={Hunt, Galen C and Larus, James R and Tarditi, David and Wobber, Ted},
  booktitle={HotOS},
  howpublished = {\url{https://www.usenix.org/legacy/events/hotos05/final_papers_backup/hunt/hunt_html/}},
  year={2005}
}
@misc{ os_wiki,
 author = "WiKipedia",
 title = "Operating System",
 year = 2017,
 month = 8,
 url = {https://en.wikibooks.org/wiki/Operating_system},
}


@misc{ china_2025,
 author = "国务院",
 title = "中国制造2025",
 year = 2015,
 month = 5,
 url = "http://www.gov.cn/zhengce/content/2015-05/19/content_9784.htm",
}

@Book{30_os,
 author = "川合秀实",
 title = {30天自制操作系统},
 year = 2012,
 month = 8,
 edition = 1,
 publisher = {人民邮电出版社},
}
